@book{Knuth1998,
 author = {Knuth, Donald E.},
 title = {The art of computer programming,  volume 3: (2nd ed.) sorting and searching},
 year = {1998},
 publisher = {Addison Wesley Longman Publishing Co., Inc.},
 address = {Redwood City, CA, USA}
}

@book{Pollefliet2011,
  author = {Pollefliet, Leen},
  title = {Schrijven van verslag tot eindwerk: do's en don'ts},
  year = {2011},
  publisher = {Academia Press},
  address = {Gent}
}

@article{Creeger2009,
  author = {Creeger, Mache},
  journal = {Communications of the ACM},
  number = {8},
  pages = {50--56},
  title = {{CTO Roundtable: Cloud Computing}},
  volume = {52},
  year = {2009}
}

@Electronic{Mansoor2014,
  author       = {Mansoor},
  date         = {2014-12-01},
  title        = {Introduction to DevOps on AWS},
  url          = {https://docs.aws.amazon.com/whitepapers/latest/introduction-devops-aws/introduction-devops-aws.pdf#infrastructure-as-code},
  journaltitle = {AWS Whitepaper},
}

@Electronic{AWSAccessControl,
  author = {AWS},
  date   = {2022-05-13},
  editor = {AWS},
  title  = {Controlling access with AWS Identity and Access Management},
  url    = {https://docs.aws.amazon.com/AWSCloudFormation/latest/UserGuide/using-iam-template.html},
}

@Electronic{AWSAppRunnerDoc,
  author = {AWS},
  editor = {AWS},
  title  = {AWS App Runner Developer Guide},
  url    = {https://docs.aws.amazon.com/apprunner/latest/dg/apprunner-guide.pdf#what-is-apprunner},
}

@Electronic{AWSAppRunnerPricing,
  author = {AWS},
  editor = {AWS},
  title  = {AWS AppRunner Pricing},
  url    = {https://aws.amazon.com/apprunner/pricing/},
}

@Electronic{Kandaswamy2022,
  author = {Shan Kandaswamy},
  date   = {2022-03-21},
  title  = {Build a Serverless Full-Stack Registration App in minutes using AWS Amplify},
  url    = {https://aws.amazon.com/blogs/mobile/build-a-serverless-full-stack-registration-app-in-minutes-using-aws-amplify/},
}

@Electronic{AWSCLoudformationUser,
  author = {AWS},
  editor = {AWS},
  title  = {What is AWS CloudFormation?},
  url    = {https://docs.aws.amazon.com/AWSCloudFormation/latest/UserGuide/cfn-whatis-concepts.html},
}

@Electronic{West2020,
  author = {Brandon West},
  date   = {2020-03-05},
  editor = {AWSNewsBlog},
  title  = {Host Your Apps with AWS Amplify Console from the AWS Amplify CLI},
  url    = {https://aws.amazon.com/blogs/aws/host-your-apps-with-aws-amplify-console-from-the-aws-amplify-cli/},
}

@Electronic{Padilla,
  author = {Braulio Padilla},
  editor = {nClouds},
  title  = {How to use AWS App Runner to automatically build, deploy, and scale applications},
  url    = {https://www.nclouds.com/blog/aws-app-runner/},
}

@Electronic{Spittel2022,
  author = {Ali Spittel},
  date   = {2022-05-04},
  editor = {AWSBlogs},
  title  = {Write Your Own Code with AWS Amplify Studio},
  url    = {https://aws.amazon.com/blogs/mobile/write-your-own-code-with-aws-amplify-studio/},
}

@Electronic{Nwamba2022,
  author = {Christian Nwamba},
  date   = {2022-04-22},
  title  = {From Figma to Next.js App in Minutes},
  url    = {https://dev.to/codebeast/from-figma-to-nextjs-app-in-minutes-4jp9},
}

@Electronic{Aussems2021,
  author = {MichaÃ«l Aussems},
  date   = {2021-05-19},
  editor = {ITdaily},
  title  = {AWS App Runner ontfermt zich over uitrol en beheer container-apps},
  url    = {https://itdaily.be/nieuws/cloud/aws-app-runner-ontfermt-zich-over-uitrol-en-beheer-container-apps/},
}

@Comment{jabref-meta: databaseType:biblatex;}
